@misc{lecture1,
    author={Eduard Paul Enoiu},
    title={Lecture 1: Fundamentals of Automated Test Generation},
    month={September},
    year={2019},
    publisher={DVA481 Automated Test Generation MDU}
}

@inproceedings{lukasczyk2020automated,
    title={Automated unit test generation for python},
    author={Lukasczyk, Stephan and Kroi{\ss}, Florian and Fraser, Gordon},
    booktitle={Search-Based Software Engineering: 12th International Symposium, SSBSE 2020, Bari, Italy, October 7--8, 2020, Proceedings 12},
    pages={9--24},
    year={2020},
    organization={Springer}
}

@inproceedings{arcuri2018evomaster,
    title={Evomaster: Evolutionary multi-context automated system test generation},
    author={Arcuri, Andrea},
    booktitle={2018 IEEE 11th International Conference on Software Testing, Verification and Validation (ICST)},
    pages={394--397},
    year={2018},
    organization={IEEE}
}

@inproceedings{pacheco2007feedback,
  title={Feedback-directed random test generation},
  author={Pacheco, Carlos and Lahiri, Shuvendu K and Ernst, Michael D and Ball, Thomas},
  booktitle={29th International Conference on Software Engineering (ICSE'07)},
  pages={75--84},
  year={2007},
  organization={IEEE}
}

@misc{Welcomet80:online,
    author = {},
    title = {Welcome to pytest-cov’s documentation! — pytest-cov 4.1.0 documentation},
    howpublished = {\url{https://pytest-cov.readthedocs.io/en/latest/}},
    month = {},
    year = {},
    note = {(Accessed on 01/06/2024)}
}

@inproceedings{enoiu2017comparative,
  title={A comparative study of manual and automated testing for industrial control software},
  author={Enoiu, Eduard and Sundmark, Daniel and {\v{C}}au{\v{s}}evi{\'c}, Adnan and Pettersson, Paul},
  booktitle={2017 IEEE International Conference on Software Testing, Verification and Validation (ICST)},
  pages={412--417},
  year={2017},
  organization={IEEE}
}

@inproceedings{enoiu2016controlled,
  title={A controlled experiment in testing of safety-critical embedded software},
  author={Enoiu, Eduard P and Cauevic, Adnan and Sundmark, Daniel and Pettersson, Paul},
  booktitle={2016 IEEE International Conference on Software Testing, Verification and Validation (ICST)},
  pages={1--11},
  year={2016},
  organization={IEEE}
}

@inproceedings{ramler2013replicated,
  title={A replicated study on random test case generation and manual unit testing: How many bugs do professional developers find?},
  author={Ramler, Rudolf and Wolfmaier, Klaus and Kopetzky, Theodorich},
  booktitle={2013 IEEE 37th Annual Computer Software and Applications Conference},
  pages={484--491},
  year={2013},
  organization={IEEE}
}